@incollection{Albright2005,
    Address = {Oxford},
    Author = {Adam Albright},
    Booktitle = {Paradigms in Phonological Theory},
    Editor = {Laura J. Downing and Tracy A. Hall and Renate Raffelsiefen},
    Pages = {17-43},
    Publisher = {Oxford University Press},
    Title = {The morphological basis of paradigm leveling},
    Year = {2005}}

@book{Allen1978,
    Address = {Cambridge},
    Author = {W. Sidney Allen},
    Edition = {2nd},
    Publisher = {Cambridge University Press},
    Title = {{Vox Latina}: A Guide to the Pronunciation of {Classical Latin}},
    Year = {1978}}

@incollection{Baroni2009,
    Author = {Marco Baroni},
    Booktitle = {Corpus Linguistics: An International Handbook},
    Editor = {Anke Lüdeling and Merja Kyöto},
    Pages = {803-821},
    Publisher = {Mouton de Gruyter},
    Title = {Distributions in text},
    Year = {2009}}

@article{Heslin1987,
    Author = {Thomas P. Heslin},
    Journal = {Lingua},
    Number = {2--3},
    Pages = {133-154},
    Title = {Prefixation in {Latin}},
    Volume = {72},
    Year = {1987}}

@book{Zipf1949,
    Address = {Cambridge},
    Author = {George K. Zipf},
    Publisher = {Addison-Wesley},
    Title = {Human Behavior and the Principle of Least Effort: An Introduction to Human Ecology},
    Year = {1949}}
